% Encoding: UTF-8




@Article{1,
  author    = {M. Carraro and M. Munaro and A. Roitberg and E. Menegatti},
  title     = {Improved skeleton estimation by means of depth data fusion from multiple depth cameras},
  journal   = {International Conference on Intelligent Autonomous Systems},
  year      = {2016},
  pages     = {1155–1167},
}

@Article{2,
  author    = {E. Insafutdinov and L. Pishchulin and B. Andres and M. Andriluka and B. Schiele},
  title     = {A deeper, stronger, and faster multi-person pose estimation model},
  journal   = {European Conference on Computer Vision},
  year      = {2016},
  pages     = {34-50},
}

@Article{3,
  author    = {L. Pishchulin and E. Insafutdinov and S. Tang and B. Andres and M. Andriluka and P. V. Gehler and B. Schiele},
  title     = {Joint subset partition and labeling for multi person pose estimation},
  journal   = {Proceedings of the IEEE Conference on Computer Vision and Pattern Recognition},
  year      = {2016},
  pages     = {4929–4937},
}
@Newspaper{气象报,
  title = {《2020年中国气候公报》速览 - 中国知网},
  shorttitle = {中国气象报},
  year = {2021},
  month = feb
}
@book{aa,
  title={实用极值统计方法},
  author={史道济},
  publisher={实用极值统计方法},
  year={2006},
  address = {天津},
}